@article{:unknunknownRemoteSensingOcean2000,
  title = {Remote Sensing of Ocean Colour in Coastal, and Other Optically-Complex, Waters.},
  author = {(:Unkn) Unknown},
  year = {2000},
  publisher = {{International Ocean Colour Coordinating Group (IOCCG)}},
  doi = {10.25607/OBP-95},
  collaborator = {UNESCO/IOC and UNESCO/IOC and Sathyendranath, Shubha},
  copyright = {Attribution-NonCommercial-NoDerivs 4.0,},
  keywords = {Data Management Practices::Data analysis,Instrument Type Vocabulary::ocean colour radiometers,IOCCG,Parameter Discipline::Biological oceanography},
  file = {C\:\\Users\\358572\\Zotero\\storage\\CNETVLW8\\(Unkn) Unknown - 2000 - Remote sensing of ocean colour in coastal, and oth.pdf}
}

@article{atorFactorsDrivingNutrient2020,
  title = {Factors Driving Nutrient Trends in Streams of the {{Chesapeake Bay}} Watershed},
  author = {Ator, Scott W. and Blomquist, Joel D. and Webber, James S. and Chanat, Jeffrey G.},
  year = {2020},
  month = jul,
  journal = {Journal of Environmental Quality},
  volume = {49},
  number = {4},
  pages = {812--834},
  issn = {0047-2425, 1537-2537},
  doi = {10.1002/jeq2.20101},
  langid = {english},
  file = {C\:\\Users\\358572\\Zotero\\storage\\CJWCG6I8\\Ator et al. - 2020 - Factors driving nutrient trends in streams of the .pdf}
}

@article{burrowsDOEE3SMV12020,
  title = {The {{DOE E3SM}} v1.1 {{Biogeochemistry Configuration}}: {{Description}} and {{Simulated Ecosystem}}-{{Climate Responses}} to {{Historical Changes}} in {{Forcing}}},
  shorttitle = {The {{DOE E3SM}} v1.1 {{Biogeochemistry Configuration}}},
  author = {Burrows, S. M. and Maltrud, M. and Yang, X. and Zhu, Q. and Jeffery, N. and Shi, X. and Ricciuto, D. and Wang, S. and Bisht, G. and Tang, J. and Wolfe, J. and Harrop, B. E. and Singh, B. and Brent, L. and Baldwin, S. and Zhou, T. and Cameron-Smith, P. and Keen, N. and Collier, N. and Xu, M. and Hunke, E. C. and Elliott, S. M. and Turner, A. K. and Li, H. and Wang, H. and Golaz, J.-C. and Bond-Lamberty, B. and Hoffman, F. M. and Riley, W. J. and Thornton, P. E. and Calvin, K. and Leung, L. R.},
  year = {2020},
  month = sep,
  journal = {Journal of Advances in Modeling Earth Systems},
  volume = {12},
  number = {9},
  issn = {1942-2466, 1942-2466},
  doi = {10.1029/2019MS001766},
  langid = {english},
  file = {C\:\\Users\\358572\\Zotero\\storage\\VRV9C5WF\\Burrows et al. - 2020 - The DOE E3SM v1.1 Biogeochemistry Configuration D.pdf}
}

@article{dingSpatiotemporalPatternsWater2015,
  title = {Spatio-Temporal Patterns in Water Surface Temperature from {{Landsat}} Time Series Data in the {{Chesapeake Bay}}, {{U}}.{{S}}.{{A}}.},
  author = {Ding, Haiyong and Elmore, Andrew J.},
  year = {2015},
  month = oct,
  journal = {Remote Sensing of Environment},
  volume = {168},
  pages = {335--348},
  issn = {00344257},
  doi = {10.1016/j.rse.2015.07.009},
  langid = {english},
  file = {C\:\\Users\\358572\\Zotero\\storage\\JFGDT5AS\\Ding and Elmore - 2015 - Spatio-temporal patterns in water surface temperat.pdf}
}

@article{finleySpNNGPPackageNearest2020,
  title = {{{spNNGP R}} Package for {{Nearest Neighbor Gaussian Process}} Models},
  author = {Finley, Andrew O. and Datta, Abhirup and Banerjee, Sudipto},
  year = {2020},
  publisher = {{arXiv}},
  doi = {10.48550/ARXIV.2001.09111},
  copyright = {arXiv.org perpetual, non-exclusive license},
  keywords = {Computation (stat.CO),FOS: Computer and information sciences},
  file = {C\:\\Users\\358572\\Zotero\\storage\\HNM8I86J\\Finley et al. - 2020 - spNNGP R package for Nearest Neighbor Gaussian Pro.pdf}
}

@article{foreCombinedActivePassive2016,
  title = {Combined {{Active}}/{{Passive Retrievals}} of {{Ocean Vector Wind}} and {{Sea Surface Salinity With SMAP}}},
  author = {Fore, Alexander G. and Yueh, Simon H. and Tang, Wenqing and Stiles, Bryan W. and Hayashi, Akiko K.},
  year = {2016},
  month = dec,
  journal = {IEEE Transactions on Geoscience and Remote Sensing},
  volume = {54},
  number = {12},
  pages = {7396--7404},
  issn = {0196-2892, 1558-0644},
  doi = {10.1109/TGRS.2016.2601486},
  keywords = {tocite},
  file = {C\:\\Users\\358572\\Zotero\\storage\\WQ9X9S46\\Fore et al. - 2016 - Combined ActivePassive Retrievals of Ocean Vector.pdf}
}

@article{geigerSatellitederivedCoastalOcean2013,
  title = {Satellite-Derived Coastal Ocean and Estuarine Salinity in the {{Mid-Atlantic}}},
  author = {Geiger, Erick F. and Grossi, Matthew D. and Trembanis, Arthur C. and Kohut, Josh T. and Oliver, Matthew J.},
  year = {2013},
  month = jul,
  journal = {Continental Shelf Research},
  volume = {63},
  pages = {S235-S242},
  issn = {02784343},
  doi = {10.1016/j.csr.2011.12.001},
  langid = {english},
  keywords = {tocite},
  file = {C\:\\Users\\358572\\Zotero\\storage\\M54MZZSN\\1-s2.0-S0278434311003724-main(1).pdf}
}

@article{georganosGeographicalRandomForests2021,
  title = {Geographical Random Forests: A Spatial Extension of the Random Forest Algorithm to Address Spatial Heterogeneity in Remote Sensing and Population Modelling},
  shorttitle = {Geographical Random Forests},
  author = {Georganos, Stefanos and Grippa, Tais and Niang Gadiaga, Assane and Linard, Catherine and Lennert, Moritz and Vanhuysse, Sabine and Mboga, Nicholus and Wolff, El{\'e}onore and Kalogirou, Stamatis},
  year = {2021},
  month = jan,
  journal = {Geocarto International},
  volume = {36},
  number = {2},
  pages = {121--136},
  issn = {1010-6049, 1752-0762},
  doi = {10.1080/10106049.2019.1595177},
  langid = {english},
  file = {C\:\\Users\\358572\\Zotero\\storage\\4W7EYPD5\\Georganos et al. - 2021 - Geographical random forests a spatial extension o.pdf}
}

@techreport{golazDOEE3SMModel2022,
  type = {Preprint},
  title = {The {{DOE E3SM Model Version}} 2: {{Overview}} of the Physical Model and Initial Model Evaluation},
  shorttitle = {The {{DOE E3SM Model Version}} 2},
  author = {Golaz, Jean-Christophe and Van Roekel, Luke P. and Zheng, Xue and Roberts, Andrew and Wolfe, Jonathan D and Lin, Wuyin and Bradley, Andrew and Tang, Qi and Maltrud, Mathew E and Forsyth, Ryan M and Zhang, Chengzhu and Zhou, Tian and Zhang, Kai and Zender, Charles Sutton and Wu, Mingxuan and Wang, Hailong and Turner, Adrian K and Singh, Balwinder and Richter, Jadwiga H. and Qin, Yi and Petersen, Mark R. and Mametjanov, Azamat and Ma, Po-Lun and Larson, Vincent E and Krishna, Jayesh and Keen, Noel D. and Jeffery, Nicole and Hunke, Elizabeth C and Hannah, Walter M. and Guba, Oksana and Griffin, Brian M and Feng, Yan and Engwirda, Darren and Di Vittorio, Alan V. and Dang, Cheng and Conlon, LeAnn and Chen, Chih-Chieh and Brunke, Michael and Bisht, Gautam and Benedict, James J and {Asay-Davis}, Xylar S and Zhang, Yuying and Zhang, Meng and Zeng, Xubin and Xie, Shaocheng and Wolfram Jr., Phillip Justin and Vo, Tom and Veneziani, Milena and Tesfa, Teklu Kidane and Sreepathi, Sarat and Salinger, Andrew G. and Reeves Eyre, J. E. Jack and Prather, Michael J. and Mahajan, Salil and Li, Qing and Jones, Philip W and Jacob, Robert L and Huebler, Gunther W and Huang, Xianglei and Hillman, Benjamin R and Harrop, Bryce E and Foucar, James G and Fang, Yilin and Comeau, Darin and Caldwell, Peter Martin and Bartoletti, Tony and Balaguru, Karthik and Taylor, Mark A and McCoy, Renata and Leung, L. Ruby and Bader, David Craig},
  year = {2022},
  month = aug,
  institution = {{Climatology (Global Change)}},
  doi = {10.1002/essoar.10511174.2},
  langid = {english},
  keywords = {tocite},
  file = {C\:\\Users\\358572\\Zotero\\storage\\EHLQVL47\\Golaz et al. - 2022 - The DOE E3SM Model Version 2 Overview of the phys.pdf}
}

@incollection{goodfellow2016convolutional,
  title = {Convolutional Networks},
  booktitle = {Deep Learning},
  author = {Goodfellow, Ian and Bengio, Yoshua and Courville, Aaron},
  year = {2016},
  volume = {2016},
  pages = {330--372},
  publisher = {{MIT Press Cambridge, MA, USA}}
}

@article{hagyHypoxiaChesapeakeBay2004,
  title = {Hypoxia in {{Chesapeake Bay}}, 1950\textendash 2001: {{Long-term}} Change in Relation to Nutrient Loading and River Flow},
  shorttitle = {Hypoxia in {{Chesapeake Bay}}, 1950\textendash 2001},
  author = {Hagy, James D. and Boynton, Walter R. and Keefe, Carolyn W. and Wood, Kathryn V.},
  year = {2004},
  month = aug,
  journal = {Estuaries},
  volume = {27},
  number = {4},
  pages = {634--658},
  issn = {0160-8347},
  doi = {10.1007/BF02907650},
  langid = {english},
  file = {C\:\\Users\\358572\\Zotero\\storage\\78V7Q57M\\Hagy et al. - 2004 - Hypoxia in Chesapeake Bay, 1950–2001 Long-term ch.pdf}
}

@article{hernandezcorderoDevelopmentMultimetricWater2020,
  title = {Development of a Multimetric Water Quality {{Indicator}} for Tracking Progress towards the Achievement of {{Chesapeake Bay}} Water Quality Standards},
  author = {Hernandez Cordero, Ana L. and Tango, Peter J. and Batiuk, Richard A.},
  year = {2020},
  month = feb,
  journal = {Environmental Monitoring and Assessment},
  volume = {192},
  number = {2},
  pages = {94},
  issn = {0167-6369, 1573-2959},
  doi = {10.1007/s10661-019-7969-z},
  langid = {english},
  file = {C\:\\Users\\358572\\Zotero\\storage\\XTEE3JRD\\Hernandez Cordero et al. - 2020 - Development of a multimetric water quality Indicat.pdf}
}

@article{hoodChesapeakeBayProgram2021,
  title = {The {{Chesapeake Bay}} Program Modeling System: {{Overview}} and Recommendations for Future Development},
  shorttitle = {The {{Chesapeake Bay}} Program Modeling System},
  author = {Hood, Raleigh R. and Shenk, Gary W. and Dixon, Rachel L. and Smith, Sean M.C. and Ball, William P. and Bash, Jesse O. and Batiuk, Rich and Boomer, Kathy and Brady, Damian C. and Cerco, Carl and Claggett, Peter and {de Mutsert}, Kim and Easton, Zachary M. and Elmore, Andrew J. and Friedrichs, Marjorie A.M. and Harris, Lora A. and Ihde, Thomas F. and Lacher, Lara and Li, Li and Linker, Lewis C. and Miller, Andrew and Moriarty, Julia and Noe, Gregory B. and Onyullo, George E. and Rose, Kenneth and Skalak, Katie and Tian, Richard and Veith, Tamie L. and Wainger, Lisa and Weller, Donald and Zhang, Yinglong Joseph},
  year = {2021},
  month = sep,
  journal = {Ecological Modelling},
  volume = {456},
  pages = {109635},
  issn = {03043800},
  doi = {10.1016/j.ecolmodel.2021.109635},
  langid = {english},
  keywords = {tocite},
  file = {C\:\\Users\\358572\\Zotero\\storage\\VTBMUMZH\\Hood et al. - 2021 - The Chesapeake Bay program modeling system Overvi.pdf}
}

@article{irbyCompetingImpactsClimate2018,
  title = {The Competing Impacts of Climate Change and Nutrient Reductions on Dissolved Oxygen in {{Chesapeake Bay}}},
  author = {Irby, Isaac D. and Friedrichs, Marjorie A. M. and Da, Fei and Hinson, Kyle E.},
  year = {2018},
  month = may,
  journal = {Biogeosciences},
  volume = {15},
  number = {9},
  pages = {2649--2668},
  issn = {1726-4189},
  doi = {10.5194/bg-15-2649-2018},
  langid = {english},
  file = {C\:\\Users\\358572\\Zotero\\storage\\393ANFAC\\Irby et al. - 2018 - The competing impacts of climate change and nutrie.pdf}
}

@misc{jemma_stachelek_2022_7332559,
  title = {{{DOE-ICoM}}/Geowq-Chesapeake},
  author = {Stachelek, Jemma and Avendano, Sofia and Schwenk, Jon},
  year = {2022},
  month = nov,
  doi = {10.5281/zenodo.7332558},
  howpublished = {Zenodo}
}

@article{lanerolle2011second,
  title = {The Second Generation {{Chesapeake Bay}} Operational Forecast System ({{CBOFS2}}) Model Development and Skill Assessment},
  author = {Lanerolle, Lyon Werner John and Patchen, Richard C and Aikman, Frank},
  year = {2011},
  keywords = {tocite},
  file = {C\:\\Users\\358572\\Zotero\\storage\\FRJ77R4P\\CBOFS_TechReport(1).pdf}
}

@inproceedings{lanerolleSecondGenerationChesapeake2010,
  title = {The {{Second Generation Chesapeake Bay Operational Forecast System}} ({{CBOFS2}}): {{A ROMS-Based Modeling System}}},
  shorttitle = {The {{Second Generation Chesapeake Bay Operational Forecast System}} ({{CBOFS2}})},
  booktitle = {Estuarine and {{Coastal Modeling}} (2009)},
  author = {Lanerolle, Lyon W. J. and Patchen, Richard C. and Aikman, III, Frank},
  year = {2010},
  month = sep,
  pages = {621--642},
  publisher = {{American Society of Civil Engineers}},
  address = {{Seattle, Washington, United States}},
  doi = {10.1061/41121(388)37},
  isbn = {978-0-7844-1121-6},
  langid = {english}
}

@article{littleKrigingEstuariesCrow1997,
  title = {Kriging in Estuaries: As the Crow Flies, or as the Fish Swims?},
  shorttitle = {Kriging in Estuaries},
  author = {Little, Laurie S. and Edwards, Don and Porter, Dwayne E.},
  year = {1997},
  month = jun,
  journal = {Journal of Experimental Marine Biology and Ecology},
  volume = {213},
  number = {1},
  pages = {1--11},
  issn = {00220981},
  doi = {10.1016/S0022-0981(97)00006-3},
  langid = {english}
}

@article{loiselleOpticalCharacterizationChromophoric2009,
  title = {The Optical Characterization of Chromophoric Dissolved Organic Matter Using Wavelength Distribution of Absorption Spectral Slopes},
  author = {Loiselle, Steven A. and Bracchini, Luca and Dattilo, Arduino M. and Ricci, Maso and Tognazzi, Antonio and C{\'o}zar, Andres and Rossi, Claudio},
  year = {2009},
  month = mar,
  journal = {Limnology and Oceanography},
  volume = {54},
  number = {2},
  pages = {590--597},
  issn = {00243590},
  doi = {10.4319/lo.2009.54.2.0590},
  langid = {english}
}

@article{murphyComparisonSpatialInterpolation2010,
  title = {Comparison of {{Spatial Interpolation Methods}} for {{Water Quality Evaluation}} in the {{Chesapeake Bay}}},
  author = {Murphy, Rebecca R. and Curriero, Frank C. and Ball, William P.},
  year = {2010},
  month = feb,
  journal = {Journal of Environmental Engineering},
  volume = {136},
  number = {2},
  pages = {160--171},
  issn = {0733-9372, 1943-7870},
  doi = {10.1061/(ASCE)EE.1943-7870.0000121},
  langid = {english},
  file = {C\:\\Users\\358572\\Zotero\\storage\\9S9UMQXR\\Murphy et al. - 2010 - Comparison of Spatial Interpolation Methods for Wa.pdf}
}

@article{najjarPotentialClimatechangeImpacts2010,
  title = {Potential Climate-Change Impacts on the {{Chesapeake Bay}}},
  author = {Najjar, Raymond G. and Pyke, Christopher R. and Adams, Mary Beth and Breitburg, Denise and Hershner, Carl and Kemp, Michael and Howarth, Robert and Mulholland, Margaret R. and Paolisso, Michael and Secor, David and Sellner, Kevin and Wardrop, Denice and Wood, Robert},
  year = {2010},
  month = jan,
  journal = {Estuarine, Coastal and Shelf Science},
  volume = {86},
  number = {1},
  pages = {1--20},
  issn = {02727714},
  doi = {10.1016/j.ecss.2009.09.026},
  langid = {english},
  file = {C\:\\Users\\358572\\Zotero\\storage\\EFAHFWME\\Najjar et al. - 2010 - Potential climate-change impacts on the Chesapeake.pdf}
}

@article{nwis2021usgs,
  title = {{{USGS}} Water Data for the Nation: {{US}} Geological Survey National Water Information System Database},
  author = {{USGS}},
  year = {2022}
}

@article{ondrusekDevelopmentNewOptical2012,
  title = {The Development of a New Optical Total Suspended Matter Algorithm for the {{Chesapeake Bay}}},
  author = {Ondrusek, Michael. and Stengel, Eric. and Kinkade, Christopher.S. and Vogel, Ronald.L. and Keegstra, Phillip. and Hunter, Craig. and Kim, Chunai.},
  year = {2012},
  month = apr,
  journal = {Remote Sensing of Environment},
  volume = {119},
  pages = {243--254},
  issn = {00344257},
  doi = {10.1016/j.rse.2011.12.018},
  langid = {english},
  file = {C\:\\Users\\358572\\Zotero\\storage\\HQXCW5F7\\Ondrusek et al. - 2012 - The development of a new optical total suspended m.pdf}
}

@article{pedregosaScikitlearnMachineLearning2011,
  title = {Scikit-Learn: {{Machine Learning}} in {{Python}}},
  author = {Pedregosa, Fabian and Varoquaux, Gael and Gramfort, Alexandre and Michel, Vincent and Thirion, Bertrand and Grisel, Olivier and Blondel, Mathieu and Prettenhofer, Peter and Weiss, Ron and Dubourg, Vincent and Vanderplas, Jake and Passos, Alexandre and Cournapeau, David},
  year = {2011},
  journal = {MACHINE LEARNING IN PYTHON},
  pages = {6},
  langid = {english},
  keywords = {tocite},
  file = {C\:\\Users\\358572\\Zotero\\storage\\KL9FU5YS\\Pedregosa et al. - Scikit-learn Machine Learning in Python.pdf}
}

@article{prasadNewerClassificationRegression2006,
  title = {Newer {{Classification}} and {{Regression Tree Techniques}}: {{Bagging}} and {{Random Forests}} for {{Ecological Prediction}}},
  shorttitle = {Newer {{Classification}} and {{Regression Tree Techniques}}},
  author = {Prasad, Anantha M. and Iverson, Louis R. and Liaw, Andy},
  year = {2006},
  month = mar,
  journal = {Ecosystems},
  volume = {9},
  number = {2},
  pages = {181--199},
  issn = {1432-9840, 1435-0629},
  doi = {10.1007/s10021-005-0054-1},
  langid = {english}
}

@article{pyoConvolutionalNeuralNetwork2019,
  title = {A Convolutional Neural Network Regression for Quantifying Cyanobacteria Using Hyperspectral Imagery},
  author = {Pyo, JongCheol and Duan, Hongtao and Baek, Sangsoo and Kim, Moon Sung and Jeon, Taegyun and Kwon, Yong Sung and Lee, Hyuk and Cho, Kyung Hwa},
  year = {2019},
  month = nov,
  journal = {Remote Sensing of Environment},
  volume = {233},
  pages = {111350},
  issn = {00344257},
  doi = {10.1016/j.rse.2019.111350},
  langid = {english}
}

@article{rossAquaSatDataSet2019,
  title = {{{AquaSat}}: {{A Data Set}} to {{Enable Remote Sensing}} of {{Water Quality}} for {{Inland Waters}}},
  shorttitle = {{{AquaSat}}},
  author = {Ross, Matthew R. V. and Topp, Simon N. and Appling, Alison P. and Yang, Xiao and Kuhn, Catherine and Butman, David and Simard, Marc and Pavelsky, Tamlin M.},
  year = {2019},
  month = nov,
  journal = {Water Resources Research},
  volume = {55},
  number = {11},
  pages = {10012--10025},
  issn = {0043-1397, 1944-7973},
  doi = {10.1029/2019WR024883},
  langid = {english},
  file = {C\:\\Users\\358572\\Zotero\\storage\\LGV5HZNC\\Ross et al. - 2019 - AquaSat A Data Set to Enable Remote Sensing of Wa.pdf}
}

@article{sathyendranath2000remote,
  title = {Remote Sensing of Ocean Colour in Coastal, and Other Optically-Complex, Waters.},
  author = {Sathyendranath, Shubha and others},
  year = {2000},
  publisher = {{International Ocean Colour Coordinating Group (IOCCG)}}
}

@article{shchepetkinRegionalOceanicModeling2005,
  title = {The Regional Oceanic Modeling System ({{ROMS}}): A Split-Explicit, Free-Surface, Topography-Following-Coordinate Oceanic Model},
  shorttitle = {The Regional Oceanic Modeling System ({{ROMS}})},
  author = {Shchepetkin, Alexander F. and McWilliams, James C.},
  year = {2005},
  month = jan,
  journal = {Ocean Modelling},
  volume = {9},
  number = {4},
  pages = {347--404},
  issn = {14635003},
  doi = {10.1016/j.ocemod.2004.08.002},
  langid = {english},
  file = {C\:\\Users\\358572\\Zotero\\storage\\DKM579ZQ\\Shchepetkin and McWilliams - 2005 - The regional oceanic modeling system (ROMS) a spl.pdf}
}

@article{sonWaterPropertiesChesapeake2012,
  title = {Water Properties in {{Chesapeake Bay}} from {{MODIS-Aqua}} Measurements},
  author = {Son, SeungHyun and Wang, Menghua},
  year = {2012},
  month = aug,
  journal = {Remote Sensing of Environment},
  volume = {123},
  pages = {163--174},
  issn = {00344257},
  doi = {10.1016/j.rse.2012.03.009},
  langid = {english},
  keywords = {tocite},
  file = {C\:\\Users\\358572\\Zotero\\storage\\9ILRX2EY\\Son and Wang - 2012 - Water properties in Chesapeake Bay from MODIS-Aqua.pdf}
}

@article{srichandanInterannualCyclonedrivenVariability2015,
  title = {Interannual and Cyclone-Driven Variability in Phytoplankton Communities of a Tropical Coastal Lagoon},
  author = {Srichandan, Suchismita and Kim, Ji Yoon and Kumar, Abhishek and Mishra, Deepak R. and Bhadury, Punyasloke and Muduli, Pradipta R. and Pattnaik, Ajit K. and Rastogi, Gurdeep},
  year = {2015},
  month = dec,
  journal = {Marine Pollution Bulletin},
  volume = {101},
  number = {1},
  pages = {39--52},
  issn = {0025326X},
  doi = {10.1016/j.marpolbul.2015.11.030},
  langid = {english}
}

@misc{stachelekjemmachesapeake,
  title = {Salinity, Temperature, and Turbidity Observations during 2000-2021 for {{Chesapeake Bay}}},
  author = {Stachelek, Jemma},
  year = {2022},
  publisher = {{figshare}},
  doi = {10.6084/m9.figshare.21578898},
  copyright = {Creative Commons Attribution 4.0 International}
}

@article{turnerLongTermTrends2021,
  title = {Long-{{Term Trends}} in {{Chesapeake Bay Remote Sensing Reflectance}}: {{Implications}} for {{Water Clarity}}},
  shorttitle = {Long-{{Term Trends}} in {{Chesapeake Bay Remote Sensing Reflectance}}},
  author = {Turner, Jessica S. and Friedrichs, Carl T. and Friedrichs, Marjorie A. M.},
  year = {2021},
  month = dec,
  journal = {Journal of Geophysical Research: Oceans},
  volume = {126},
  number = {12},
  issn = {2169-9275, 2169-9291},
  doi = {10.1029/2021JC017959},
  langid = {english},
  file = {C\:\\Users\\358572\\Zotero\\storage\\TYTBVYEV\\Turner et al. - 2021 - Long‐Term Trends in Chesapeake Bay Remote Sensing .pdf}
}

@article{urquhartGeospatialInterpolationMODISderived2013,
  title = {Geospatial Interpolation of {{MODIS-derived}} Salinity and Temperature in the {{Chesapeake Bay}}},
  author = {Urquhart, Erin A. and Hoffman, Matthew J. and Murphy, Rebecca R. and Zaitchik, Benjamin F.},
  year = {2013},
  month = aug,
  journal = {Remote Sensing of Environment},
  volume = {135},
  pages = {167--177},
  issn = {00344257},
  doi = {10.1016/j.rse.2013.03.034},
  langid = {english},
  file = {C\:\\Users\\358572\\Zotero\\storage\\Z9T2EP7J\\Urquhart et al. - 2013 - Geospatial interpolation of MODIS-derived salinity.pdf}
}

@article{urquhartRemotelySensedEstimates2012,
  title = {Remotely Sensed Estimates of Surface Salinity in the {{Chesapeake Bay}}: {{A}} Statistical Approach},
  shorttitle = {Remotely Sensed Estimates of Surface Salinity in the {{Chesapeake Bay}}},
  author = {Urquhart, Erin A. and Zaitchik, Benjamin F. and Hoffman, Matthew J. and Guikema, Seth D. and Geiger, Erick F.},
  year = {2012},
  month = aug,
  journal = {Remote Sensing of Environment},
  volume = {123},
  pages = {522--531},
  issn = {00344257},
  doi = {10.1016/j.rse.2012.04.008},
  langid = {english},
  keywords = {tocite},
  file = {C\:\\Users\\358572\\Zotero\\storage\\EQTNCKIW\\Urquhart et al. - 2012 - Remotely sensed estimates of surface salinity in t.pdf}
}

@article{vanderwaltScikitimageImageProcessing2014,
  title = {Scikit-Image: Image Processing in {{Python}}},
  shorttitle = {Scikit-Image},
  author = {{van der Walt}, St{\'e}fan and Sch{\"o}nberger, Johannes L. and {Nunez-Iglesias}, Juan and Boulogne, Fran{\c c}ois and Warner, Joshua D. and Yager, Neil and Gouillart, Emmanuelle and Yu, Tony},
  year = {2014},
  month = jun,
  journal = {PeerJ},
  volume = {2},
  pages = {e453},
  issn = {2167-8359},
  doi = {10.7717/peerj.453},
  langid = {english},
  file = {C\:\\Users\\358572\\Zotero\\storage\\RSGWJZ5J\\van der Walt et al. - 2014 - scikit-image image processing in Python.pdf}
}

@article{vermote2015mod09a1,
  title = {{{MOD09A1 MODIS}}/Terra Surface Reflectance 8-Day {{L3}} Global 500m {{SIN}} Grid {{V006}}},
  author = {Vermote, Eric},
  year = {2015},
  journal = {NASA EOSDIS Land Processes DAAC},
  volume = {10}
}

@misc{vermoteericMOD09GAMODISTerra2015,
  title = {{{MOD09GA MODIS}}/{{Terra Surface Reflectance Daily L2G Global}} 1kmand 500m {{SIN Grid V006}}},
  author = {Vermote, Eric and Wolfe, Robert},
  year = {2015},
  publisher = {{NASA EOSDIS Land Processes DAAC}},
  doi = {10.5067/MODIS/MOD09GA.006},
  keywords = {tocite}
}

@article{virtanenSciPyFundamentalAlgorithms2020a,
  title = {{{SciPy}} 1.0: Fundamental Algorithms for Scientific Computing in {{Python}}},
  shorttitle = {{{SciPy}} 1.0},
  author = {Virtanen, Pauli and Gommers, Ralf and Oliphant, Travis E. and Haberland, Matt and Reddy, Tyler and Cournapeau, David and Burovski, Evgeni and Peterson, Pearu and Weckesser, Warren and Bright, Jonathan and {van der Walt}, St{\'e}fan J. and Brett, Matthew and Wilson, Joshua and Millman, K. Jarrod and Mayorov, Nikolay and Nelson, Andrew R. J. and Jones, Eric and Kern, Robert and Larson, Eric and Carey, C J and Polat, {\.I}lhan and Feng, Yu and Moore, Eric W. and VanderPlas, Jake and Laxalde, Denis and Perktold, Josef and Cimrman, Robert and Henriksen, Ian and Quintero, E. A. and Harris, Charles R. and Archibald, Anne M. and Ribeiro, Ant{\^o}nio H. and Pedregosa, Fabian and {van Mulbregt}, Paul and {SciPy 1.0 Contributors} and Vijaykumar, Aditya and Bardelli, Alessandro Pietro and Rothberg, Alex and Hilboll, Andreas and Kloeckner, Andreas and Scopatz, Anthony and Lee, Antony and Rokem, Ariel and Woods, C. Nathan and Fulton, Chad and Masson, Charles and H{\"a}ggstr{\"o}m, Christian and Fitzgerald, Clark and Nicholson, David A. and Hagen, David R. and Pasechnik, Dmitrii V. and Olivetti, Emanuele and Martin, Eric and Wieser, Eric and Silva, Fabrice and Lenders, Felix and Wilhelm, Florian and Young, G. and Price, Gavin A. and Ingold, Gert-Ludwig and Allen, Gregory E. and Lee, Gregory R. and Audren, Herv{\'e} and Probst, Irvin and Dietrich, J{\"o}rg P. and Silterra, Jacob and Webber, James T and Slavi{\v c}, Janko and Nothman, Joel and Buchner, Johannes and Kulick, Johannes and Sch{\"o}nberger, Johannes L. and {de Miranda Cardoso}, Jos{\'e} Vin{\'i}cius and Reimer, Joscha and Harrington, Joseph and Rodr{\'i}guez, Juan Luis Cano and {Nunez-Iglesias}, Juan and Kuczynski, Justin and Tritz, Kevin and Thoma, Martin and Newville, Matthew and K{\"u}mmerer, Matthias and Bolingbroke, Maximilian and Tartre, Michael and Pak, Mikhail and Smith, Nathaniel J. and Nowaczyk, Nikolai and Shebanov, Nikolay and Pavlyk, Oleksandr and Brodtkorb, Per A. and Lee, Perry and McGibbon, Robert T. and Feldbauer, Roman and Lewis, Sam and Tygier, Sam and Sievert, Scott and Vigna, Sebastiano and Peterson, Stefan and More, Surhud and Pudlik, Tadeusz and Oshima, Takuya and Pingel, Thomas J. and Robitaille, Thomas P. and Spura, Thomas and Jones, Thouis R. and Cera, Tim and Leslie, Tim and Zito, Tiziano and Krauss, Tom and Upadhyay, Utkarsh and Halchenko, Yaroslav O. and {V{\'a}zquez-Baeza}, Yoshiki},
  year = {2020},
  month = mar,
  journal = {Nature Methods},
  volume = {17},
  number = {3},
  pages = {261--272},
  issn = {1548-7091, 1548-7105},
  doi = {10.1038/s41592-019-0686-2},
  langid = {english},
  file = {C\:\\Users\\358572\\Zotero\\storage\\HXTQBG57\\Virtanen et al. - 2020 - SciPy 1.0 fundamental algorithms for scientific c.pdf}
}

@article{vogelAssessingSatelliteSea2016,
  title = {Assessing Satellite Sea Surface Salinity from Ocean Color Radiometric Measurements for Coastal Hydrodynamic Model Data Assimilation},
  author = {Vogel, Ronald L. and Brown, Christopher W.},
  year = {2016},
  month = jul,
  journal = {Journal of Applied Remote Sensing},
  volume = {10},
  number = {3},
  pages = {036003},
  issn = {1931-3195},
  doi = {10.1117/1.JRS.10.036003},
  langid = {english},
  keywords = {tocite},
  file = {C\:\\Users\\358572\\Zotero\\storage\\Y98ESIU6\\Vogel and Brown - 2016 - Assessing satellite sea surface salinity from ocea.pdf}
}

@article{wangDevelopmentMODISData2018,
  title = {Development of a {{MODIS}} Data Based Algorithm for Retrieving Nearshore Sea Surface Salinity along the Northern {{Gulf}} of {{Mexico}} Coast},
  author = {Wang, Jiao and Deng, Zhiqiang},
  year = {2018},
  month = jun,
  journal = {International Journal of Remote Sensing},
  volume = {39},
  number = {11},
  pages = {3497--3511},
  issn = {0143-1161, 1366-5901},
  doi = {10.1080/01431161.2018.1445880},
  langid = {english},
  keywords = {tocite},
  file = {C\:\\Users\\358572\\Zotero\\storage\\IG3ZBXSX\\Wang and Deng - 2018 - Development of a MODIS data based algorithm for re.pdf}
}

@article{xuClimateForcingSalinity2012,
  title = {Climate {{Forcing}} and {{Salinity Variability}} in {{Chesapeake Bay}}, {{USA}}},
  author = {Xu, Jiangtao and Long, Wen and Wiggert, Jerry D. and Lanerolle, Lyon W. J. and Brown, Christopher W. and Murtugudde, Raghu and Hood, Raleigh R.},
  year = {2012},
  month = jan,
  journal = {Estuaries and Coasts},
  volume = {35},
  number = {1},
  pages = {237--261},
  issn = {1559-2723, 1559-2731},
  doi = {10.1007/s12237-011-9423-5},
  langid = {english},
  keywords = {tocite},
  file = {C\:\\Users\\358572\\Zotero\\storage\\GSKJLRSN\\Xu et al. - 2012 - Climate Forcing and Salinity Variability in Chesap.pdf}
}

@article{xuDevelopmentLandRiver2022a,
  title = {Development of {{Land}}-{{River Two}}-{{Way Hydrologic Coupling}} for {{Floodplain Inundation}} in the {{Energy Exascale Earth System Model}}},
  author = {Xu, Donghui and Bisht, Gautam and Zhou, Tian and Leung, L. Ruby and Pan, Ming},
  year = {2022},
  month = aug,
  journal = {Journal of Advances in Modeling Earth Systems},
  volume = {14},
  number = {8},
  issn = {1942-2466, 1942-2466},
  doi = {10.1029/2021MS002772},
  langid = {english},
  keywords = {toread},
  file = {C\:\\Users\\358572\\Zotero\\storage\\9QV73LXR\\Xu et al. - 2022 - Development of Land‐River Two‐Way Hydrologic Coupl.pdf}
}
